%YAML 1.1
%TAG !u! tag:unity3d.com,2011:
--- !u!1 &4376050137167590697
GameObject:
  m_ObjectHideFlags: 0
  m_CorrespondingSourceObject: {fileID: 0}
  m_PrefabInstance: {fileID: 0}
  m_PrefabAsset: {fileID: 0}
  serializedVersion: 6
  m_Component:
  - component: {fileID: 4376050137167590699}
  - component: {fileID: 4376050137167590696}
  m_Layer: 0
  m_Name: EnemyDestroyEffectPool
  m_TagString: Untagged
  m_Icon: {fileID: 0}
  m_NavMeshLayer: 0
  m_StaticEditorFlags: 0
  m_IsActive: 1
--- !u!4 &4376050137167590699
Transform:
  m_ObjectHideFlags: 0
  m_CorrespondingSourceObject: {fileID: 0}
  m_PrefabInstance: {fileID: 0}
  m_PrefabAsset: {fileID: 0}
  m_GameObject: {fileID: 4376050137167590697}
  m_LocalRotation: {x: -0, y: -0, z: -0, w: 1}
  m_LocalPosition: {x: 0, y: 0, z: 0}
  m_LocalScale: {x: 1, y: 1, z: 1}
  m_Children: []
  m_Father: {fileID: 4376050138681367891}
  m_RootOrder: 2
  m_LocalEulerAnglesHint: {x: 0, y: 0, z: 0}
--- !u!114 &4376050137167590696
MonoBehaviour:
  m_ObjectHideFlags: 0
  m_CorrespondingSourceObject: {fileID: 0}
  m_PrefabInstance: {fileID: 0}
  m_PrefabAsset: {fileID: 0}
  m_GameObject: {fileID: 4376050137167590697}
  m_Enabled: 1
  m_EditorHideFlags: 0
  m_Script: {fileID: 11500000, guid: 04f786195c24490e9822a9f22976b261, type: 3}
  m_Name: 
  m_EditorClassIdentifier: 
  _sample: {fileID: 3485451600488619334, guid: 6b15095df2ef0e444958879c35c54c23, type: 3}
  _initialAmount: 10
--- !u!1 &4376050137548004931
GameObject:
  m_ObjectHideFlags: 0
  m_CorrespondingSourceObject: {fileID: 0}
  m_PrefabInstance: {fileID: 0}
  m_PrefabAsset: {fileID: 0}
  serializedVersion: 6
  m_Component:
  - component: {fileID: 4376050137548004930}
  - component: {fileID: 4376050137548004933}
  m_Layer: 0
  m_Name: EnemyLaserShotPool
  m_TagString: Untagged
  m_Icon: {fileID: 0}
  m_NavMeshLayer: 0
  m_StaticEditorFlags: 0
  m_IsActive: 1
--- !u!4 &4376050137548004930
Transform:
  m_ObjectHideFlags: 0
  m_CorrespondingSourceObject: {fileID: 0}
  m_PrefabInstance: {fileID: 0}
  m_PrefabAsset: {fileID: 0}
  m_GameObject: {fileID: 4376050137548004931}
  m_LocalRotation: {x: -0, y: -0, z: -0, w: 1}
  m_LocalPosition: {x: 0, y: 0, z: 0}
  m_LocalScale: {x: 1, y: 1, z: 1}
  m_Children: []
  m_Father: {fileID: 4376050138681367891}
  m_RootOrder: 4
  m_LocalEulerAnglesHint: {x: 0, y: 0, z: 0}
--- !u!114 &4376050137548004933
MonoBehaviour:
  m_ObjectHideFlags: 0
  m_CorrespondingSourceObject: {fileID: 0}
  m_PrefabInstance: {fileID: 0}
  m_PrefabAsset: {fileID: 0}
  m_GameObject: {fileID: 4376050137548004931}
  m_Enabled: 1
  m_EditorHideFlags: 0
  m_Script: {fileID: 11500000, guid: 04f786195c24490e9822a9f22976b261, type: 3}
  m_Name: 
  m_EditorClassIdentifier: 
  _sample: {fileID: 1931830486808652660, guid: 043eb81073c08154097d68be5efd1eda, type: 3}
  _initialAmount: 10
--- !u!1 &4376050137573237700
GameObject:
  m_ObjectHideFlags: 0
  m_CorrespondingSourceObject: {fileID: 0}
  m_PrefabInstance: {fileID: 0}
  m_PrefabAsset: {fileID: 0}
  serializedVersion: 6
  m_Component:
  - component: {fileID: 4376050137573237703}
  - component: {fileID: 4376050137573237702}
  m_Layer: 0
  m_Name: SaucerPool
  m_TagString: Untagged
  m_Icon: {fileID: 0}
  m_NavMeshLayer: 0
  m_StaticEditorFlags: 0
  m_IsActive: 1
--- !u!4 &4376050137573237703
Transform:
  m_ObjectHideFlags: 0
  m_CorrespondingSourceObject: {fileID: 0}
  m_PrefabInstance: {fileID: 0}
  m_PrefabAsset: {fileID: 0}
  m_GameObject: {fileID: 4376050137573237700}
  m_LocalRotation: {x: -0, y: -0, z: -0, w: 1}
  m_LocalPosition: {x: 0, y: 0, z: 0}
  m_LocalScale: {x: 1, y: 1, z: 1}
  m_Children: []
  m_Father: {fileID: 4376050138681367891}
  m_RootOrder: 3
  m_LocalEulerAnglesHint: {x: 0, y: 0, z: 0}
--- !u!114 &4376050137573237702
MonoBehaviour:
  m_ObjectHideFlags: 0
  m_CorrespondingSourceObject: {fileID: 0}
  m_PrefabInstance: {fileID: 0}
  m_PrefabAsset: {fileID: 0}
  m_GameObject: {fileID: 4376050137573237700}
  m_Enabled: 1
  m_EditorHideFlags: 0
  m_Script: {fileID: 11500000, guid: 04f786195c24490e9822a9f22976b261, type: 3}
  m_Name: 
  m_EditorClassIdentifier: 
  _sample: {fileID: 5766872188306062401, guid: 5921f23d8eaf37943a936e1aca10f1d3, type: 3}
  _initialAmount: 2
--- !u!1 &4376050137671119301
GameObject:
  m_ObjectHideFlags: 0
  m_CorrespondingSourceObject: {fileID: 0}
  m_PrefabInstance: {fileID: 0}
  m_PrefabAsset: {fileID: 0}
  serializedVersion: 6
  m_Component:
  - component: {fileID: 4376050137671119300}
  - component: {fileID: 4376050137671119302}
  m_Layer: 0
  m_Name: Asteroids
  m_TagString: Untagged
  m_Icon: {fileID: 0}
  m_NavMeshLayer: 0
  m_StaticEditorFlags: 0
  m_IsActive: 1
--- !u!4 &4376050137671119300
Transform:
  m_ObjectHideFlags: 0
  m_CorrespondingSourceObject: {fileID: 0}
  m_PrefabInstance: {fileID: 0}
  m_PrefabAsset: {fileID: 0}
  m_GameObject: {fileID: 4376050137671119301}
  m_LocalRotation: {x: 0, y: 0, z: 0, w: 1}
  m_LocalPosition: {x: 0, y: 0, z: 0}
  m_LocalScale: {x: 1, y: 1, z: 1}
  m_Children: []
  m_Father: {fileID: 4376050137776852644}
  m_RootOrder: 1
  m_LocalEulerAnglesHint: {x: 0, y: 0, z: 0}
--- !u!114 &4376050137671119302
MonoBehaviour:
  m_ObjectHideFlags: 0
  m_CorrespondingSourceObject: {fileID: 0}
  m_PrefabInstance: {fileID: 0}
  m_PrefabAsset: {fileID: 0}
  m_GameObject: {fileID: 4376050137671119301}
  m_Enabled: 1
  m_EditorHideFlags: 0
  m_Script: {fileID: 11500000, guid: 21fd78c2c10c466ebd1cb8fe75d3b2a1, type: 3}
  m_Name: 
  m_EditorClassIdentifier: 
  _asteroidPool: {fileID: 4376050138226203013}
  _screenConfig: {fileID: 11400000, guid: 6fea07170f720864fa941ac607a00580, type: 2}
  _asteroidSpawnConfig: {fileID: 11400000, guid: daaf343f819b799428574a095fa5891b,
    type: 2}
  _effectPlayer: {fileID: 4376050138155219478}
  _scoreCounter: {fileID: 4376050137776852642}
  _typeHierarchy:
  - {fileID: 11400000, guid: c41af1b9544bcef4dbb2b8ce85c31a29, type: 2}
  - {fileID: 11400000, guid: 3822efa19fb1b3543af6b11dee84b8a1, type: 2}
  - {fileID: 11400000, guid: c650673c6bf80e74daa0a2f9ceb3a3f7, type: 2}
--- !u!1 &4376050137685709175
GameObject:
  m_ObjectHideFlags: 0
  m_CorrespondingSourceObject: {fileID: 0}
  m_PrefabInstance: {fileID: 0}
  m_PrefabAsset: {fileID: 0}
  serializedVersion: 6
  m_Component:
  - component: {fileID: 4376050137685709174}
  - component: {fileID: 4376050137685709176}
  - component: {fileID: 4376050137685709179}
  - component: {fileID: 4376050137685709181}
  - component: {fileID: 4376050137685709177}
  - component: {fileID: 4376050137685709183}
  m_Layer: 0
  m_Name: Spaceship
  m_TagString: Untagged
  m_Icon: {fileID: 0}
  m_NavMeshLayer: 0
  m_StaticEditorFlags: 0
  m_IsActive: 1
--- !u!4 &4376050137685709174
Transform:
  m_ObjectHideFlags: 0
  m_CorrespondingSourceObject: {fileID: 0}
  m_PrefabInstance: {fileID: 0}
  m_PrefabAsset: {fileID: 0}
  m_GameObject: {fileID: 4376050137685709175}
  m_LocalRotation: {x: 0, y: 0, z: 0, w: 1}
  m_LocalPosition: {x: 0, y: 0, z: 0}
  m_LocalScale: {x: 1, y: 1, z: 1}
  m_Children: []
  m_Father: {fileID: 4376050137776852644}
  m_RootOrder: 0
  m_LocalEulerAnglesHint: {x: 0, y: 0, z: 0}
--- !u!82 &4376050137685709176
AudioSource:
  m_ObjectHideFlags: 0
  m_CorrespondingSourceObject: {fileID: 0}
  m_PrefabInstance: {fileID: 0}
  m_PrefabAsset: {fileID: 0}
  m_GameObject: {fileID: 4376050137685709175}
  m_Enabled: 1
  serializedVersion: 4
  OutputAudioMixerGroup: {fileID: 0}
  m_audioClip: {fileID: 0}
  m_PlayOnAwake: 1
  m_Volume: 1
  m_Pitch: 1
  Loop: 0
  Mute: 0
  Spatialize: 0
  SpatializePostEffects: 0
  Priority: 128
  DopplerLevel: 1
  MinDistance: 1
  MaxDistance: 500
  Pan2D: 0
  rolloffMode: 0
  BypassEffects: 0
  BypassListenerEffects: 0
  BypassReverbZones: 0
  rolloffCustomCurve:
    serializedVersion: 2
    m_Curve:
    - serializedVersion: 3
      time: 0
      value: 1
      inSlope: 0
      outSlope: 0
      tangentMode: 0
      weightedMode: 0
      inWeight: 0.33333334
      outWeight: 0.33333334
    - serializedVersion: 3
      time: 1
      value: 0
      inSlope: 0
      outSlope: 0
      tangentMode: 0
      weightedMode: 0
      inWeight: 0.33333334
      outWeight: 0.33333334
    m_PreInfinity: 2
    m_PostInfinity: 2
    m_RotationOrder: 4
  panLevelCustomCurve:
    serializedVersion: 2
    m_Curve:
    - serializedVersion: 3
      time: 0
      value: 0
      inSlope: 0
      outSlope: 0
      tangentMode: 0
      weightedMode: 0
      inWeight: 0.33333334
      outWeight: 0.33333334
    m_PreInfinity: 2
    m_PostInfinity: 2
    m_RotationOrder: 4
  spreadCustomCurve:
    serializedVersion: 2
    m_Curve:
    - serializedVersion: 3
      time: 0
      value: 0
      inSlope: 0
      outSlope: 0
      tangentMode: 0
      weightedMode: 0
      inWeight: 0.33333334
      outWeight: 0.33333334
    m_PreInfinity: 2
    m_PostInfinity: 2
    m_RotationOrder: 4
  reverbZoneMixCustomCurve:
    serializedVersion: 2
    m_Curve:
    - serializedVersion: 3
      time: 0
      value: 1
      inSlope: 0
      outSlope: 0
      tangentMode: 0
      weightedMode: 0
      inWeight: 0.33333334
      outWeight: 0.33333334
    m_PreInfinity: 2
    m_PostInfinity: 2
    m_RotationOrder: 4
--- !u!114 &4376050137685709179
MonoBehaviour:
  m_ObjectHideFlags: 0
  m_CorrespondingSourceObject: {fileID: 0}
  m_PrefabInstance: {fileID: 0}
  m_PrefabAsset: {fileID: 0}
  m_GameObject: {fileID: 4376050137685709175}
  m_Enabled: 1
  m_EditorHideFlags: 0
  m_Script: {fileID: 11500000, guid: 46d397922bf84cd187559d9488fa0e36, type: 3}
  m_Name: 
  m_EditorClassIdentifier: 
  _thrustSource: {fileID: 4376050137685709176}
  _effectAudio: {fileID: 1538296187736866047}
  _config: {fileID: 11400000, guid: 2b1587aeb37a36647b4752cf2943c460, type: 2}
--- !u!114 &4376050137685709181
MonoBehaviour:
  m_ObjectHideFlags: 0
  m_CorrespondingSourceObject: {fileID: 0}
  m_PrefabInstance: {fileID: 0}
  m_PrefabAsset: {fileID: 0}
  m_GameObject: {fileID: 4376050137685709175}
  m_Enabled: 1
  m_EditorHideFlags: 0
  m_Script: {fileID: 11500000, guid: 1eede2a2106e4b50a3395e553cb89703, type: 3}
  m_Name: 
  m_EditorClassIdentifier: 
  _bindings: {fileID: 11400000, guid: b38cffb34ab92df4a8556bd4477691bb, type: 2}
--- !u!114 &4376050137685709177
MonoBehaviour:
  m_ObjectHideFlags: 0
  m_CorrespondingSourceObject: {fileID: 0}
  m_PrefabInstance: {fileID: 0}
  m_PrefabAsset: {fileID: 0}
  m_GameObject: {fileID: 4376050137685709175}
  m_Enabled: 1
  m_EditorHideFlags: 0
  m_Script: {fileID: 11500000, guid: 03e564c3810445c7b34465aa89f6e2c4, type: 3}
  m_Name: 
  m_EditorClassIdentifier: 
  _spaceship: {fileID: 0}
  _thrust: {fileID: 0}
  _config: {fileID: 11400000, guid: 0ae4b1541b047f9418c4966766bdf947, type: 2}
  _screenConfig: {fileID: 11400000, guid: 6fea07170f720864fa941ac607a00580, type: 2}
  _input: {fileID: 4376050137685709181}
  _motion: {fileID: 0}
  _laserShotsPool: {fileID: 4376050138005371563}
  _spaceshipAudio: {fileID: 4376050137685709179}
  _destroyEffect: {fileID: 4376050138768797701}
  _laserConfig: {fileID: 11400000, guid: b5d90ca5014060c4dbed332b4bc5fc4a, type: 2}
  _laserGun: {fileID: 0}
  _health: {fileID: 0}
  _timer: {fileID: 4376050137685709183}
--- !u!114 &4376050137685709183
MonoBehaviour:
  m_ObjectHideFlags: 0
  m_CorrespondingSourceObject: {fileID: 0}
  m_PrefabInstance: {fileID: 0}
  m_PrefabAsset: {fileID: 0}
  m_GameObject: {fileID: 4376050137685709175}
  m_Enabled: 1
  m_EditorHideFlags: 0
  m_Script: {fileID: 11500000, guid: 6b4ba4c9157248c1973b1b7da6c6673c, type: 3}
  m_Name: 
  m_EditorClassIdentifier: 
--- !u!1 &4376050137776852643
GameObject:
  m_ObjectHideFlags: 0
  m_CorrespondingSourceObject: {fileID: 0}
  m_PrefabInstance: {fileID: 0}
  m_PrefabAsset: {fileID: 0}
  serializedVersion: 6
  m_Component:
  - component: {fileID: 4376050137776852644}
  - component: {fileID: 4376050137776852645}
  - component: {fileID: 4376050137776852642}
  - component: {fileID: -4705804491034032363}
  - component: {fileID: 4376050137776852649}
  - component: {fileID: 4376050137776852646}
  - component: {fileID: 4376050137776852647}
  - component: {fileID: -6678890795710020634}
  - component: {fileID: 7152114160649048656}
  m_Layer: 0
  m_Name: GameplaySetup
  m_TagString: Untagged
  m_Icon: {fileID: 0}
  m_NavMeshLayer: 0
  m_StaticEditorFlags: 0
  m_IsActive: 1
--- !u!4 &4376050137776852644
Transform:
  m_ObjectHideFlags: 0
  m_CorrespondingSourceObject: {fileID: 0}
  m_PrefabInstance: {fileID: 0}
  m_PrefabAsset: {fileID: 0}
  m_GameObject: {fileID: 4376050137776852643}
  m_LocalRotation: {x: 0, y: 0, z: 0, w: 1}
  m_LocalPosition: {x: 0, y: 0, z: 0}
  m_LocalScale: {x: 1, y: 1, z: 1}
  m_Children:
  - {fileID: 4376050137685709174}
  - {fileID: 4376050137671119300}
  - {fileID: 4376050138067888038}
  - {fileID: 4376050138155219477}
  - {fileID: 4376050138681367891}
  m_Father: {fileID: 0}
  m_RootOrder: 0
  m_LocalEulerAnglesHint: {x: 0, y: 0, z: 0}
--- !u!114 &4376050137776852645
MonoBehaviour:
  m_ObjectHideFlags: 0
  m_CorrespondingSourceObject: {fileID: 0}
  m_PrefabInstance: {fileID: 0}
  m_PrefabAsset: {fileID: 0}
  m_GameObject: {fileID: 4376050137776852643}
  m_Enabled: 1
  m_EditorHideFlags: 0
  m_Script: {fileID: 11500000, guid: d079a4406f31492794ee123d1caf979e, type: 3}
  m_Name: 
  m_EditorClassIdentifier: 
  _config: {fileID: 11400000, guid: 9bb286cb0c721324d836dc9aca5080e1, type: 2}
  _spaceshipController: {fileID: 4376050137685709177}
  _asteroidSpawner: {fileID: 4376050137671119302}
  _saucerSpawner: {fileID: 4376050138067888041}
  _beats: {fileID: -4705804491034032363}
  _saucerTimer: {fileID: 4376050137776852649}
  _levelPauseTimer: {fileID: 4376050137776852646}
  _spaceshipTimer: {fileID: 4376050137776852647}
--- !u!114 &4376050137776852642
MonoBehaviour:
  m_ObjectHideFlags: 0
  m_CorrespondingSourceObject: {fileID: 0}
  m_PrefabInstance: {fileID: 0}
  m_PrefabAsset: {fileID: 0}
  m_GameObject: {fileID: 4376050137776852643}
  m_Enabled: 1
  m_EditorHideFlags: 0
  m_Script: {fileID: 11500000, guid: 58213f04982d4b75872081904ed066f7, type: 3}
  m_Name: 
  m_EditorClassIdentifier: 
--- !u!114 &-4705804491034032363
MonoBehaviour:
  m_ObjectHideFlags: 0
  m_CorrespondingSourceObject: {fileID: 0}
  m_PrefabInstance: {fileID: 0}
  m_PrefabAsset: {fileID: 0}
  m_GameObject: {fileID: 4376050137776852643}
  m_Enabled: 1
  m_EditorHideFlags: 0
  m_Script: {fileID: 11500000, guid: cb6bec4578ec4570a02ee8bc995dcace, type: 3}
  m_Name: 
  m_EditorClassIdentifier: 
  _beatsConfig: {fileID: 11400000, guid: 76ef1aa88c10f214e842d9b89c28a34b, type: 2}
  _volumedAudio: {fileID: 1538296187736866047}
  _timer: {fileID: -6678890795710020634}
--- !u!114 &4376050137776852649
MonoBehaviour:
  m_ObjectHideFlags: 0
  m_CorrespondingSourceObject: {fileID: 0}
  m_PrefabInstance: {fileID: 0}
  m_PrefabAsset: {fileID: 0}
  m_GameObject: {fileID: 4376050137776852643}
  m_Enabled: 1
  m_EditorHideFlags: 0
  m_Script: {fileID: 11500000, guid: 6b4ba4c9157248c1973b1b7da6c6673c, type: 3}
  m_Name: 
  m_EditorClassIdentifier: 
--- !u!114 &4376050137776852646
MonoBehaviour:
  m_ObjectHideFlags: 0
  m_CorrespondingSourceObject: {fileID: 0}
  m_PrefabInstance: {fileID: 0}
  m_PrefabAsset: {fileID: 0}
  m_GameObject: {fileID: 4376050137776852643}
  m_Enabled: 1
  m_EditorHideFlags: 0
  m_Script: {fileID: 11500000, guid: 6b4ba4c9157248c1973b1b7da6c6673c, type: 3}
  m_Name: 
  m_EditorClassIdentifier: 
--- !u!114 &4376050137776852647
MonoBehaviour:
  m_ObjectHideFlags: 0
  m_CorrespondingSourceObject: {fileID: 0}
  m_PrefabInstance: {fileID: 0}
  m_PrefabAsset: {fileID: 0}
  m_GameObject: {fileID: 4376050137776852643}
  m_Enabled: 1
  m_EditorHideFlags: 0
  m_Script: {fileID: 11500000, guid: 6b4ba4c9157248c1973b1b7da6c6673c, type: 3}
  m_Name: 
  m_EditorClassIdentifier: 
--- !u!114 &-6678890795710020634
MonoBehaviour:
  m_ObjectHideFlags: 0
  m_CorrespondingSourceObject: {fileID: 0}
  m_PrefabInstance: {fileID: 0}
  m_PrefabAsset: {fileID: 0}
  m_GameObject: {fileID: 4376050137776852643}
  m_Enabled: 1
  m_EditorHideFlags: 0
  m_Script: {fileID: 11500000, guid: 6b4ba4c9157248c1973b1b7da6c6673c, type: 3}
  m_Name: 
  m_EditorClassIdentifier: 
--- !u!114 &7152114160649048656
MonoBehaviour:
  m_ObjectHideFlags: 0
  m_CorrespondingSourceObject: {fileID: 0}
  m_PrefabInstance: {fileID: 0}
  m_PrefabAsset: {fileID: 0}
  m_GameObject: {fileID: 4376050137776852643}
  m_Enabled: 1
  m_EditorHideFlags: 0
  m_Script: {fileID: 11500000, guid: e4e3c2f3026a4d609e24665574eed563, type: 3}
  m_Name: 
  m_EditorClassIdentifier: 
  _levelController: {fileID: 4376050137776852645}
  _scoreCounter: {fileID: 4376050137776852642}
  _beforeStartPause: 1
  _gameOverPause: 1
--- !u!1 &4376050138005371560
GameObject:
  m_ObjectHideFlags: 0
  m_CorrespondingSourceObject: {fileID: 0}
  m_PrefabInstance: {fileID: 0}
  m_PrefabAsset: {fileID: 0}
  serializedVersion: 6
  m_Component:
  - component: {fileID: 4376050138005371562}
  - component: {fileID: 4376050138005371563}
  m_Layer: 0
  m_Name: LaserShotPool
  m_TagString: Untagged
  m_Icon: {fileID: 0}
  m_NavMeshLayer: 0
  m_StaticEditorFlags: 0
  m_IsActive: 1
--- !u!4 &4376050138005371562
Transform:
  m_ObjectHideFlags: 0
  m_CorrespondingSourceObject: {fileID: 0}
  m_PrefabInstance: {fileID: 0}
  m_PrefabAsset: {fileID: 0}
  m_GameObject: {fileID: 4376050138005371560}
  m_LocalRotation: {x: -0, y: -0, z: -0, w: 1}
  m_LocalPosition: {x: 0, y: 0, z: 0}
  m_LocalScale: {x: 1, y: 1, z: 1}
  m_Children: []
  m_Father: {fileID: 4376050138681367891}
  m_RootOrder: 1
  m_LocalEulerAnglesHint: {x: 0, y: 0, z: 0}
--- !u!114 &4376050138005371563
MonoBehaviour:
  m_ObjectHideFlags: 0
  m_CorrespondingSourceObject: {fileID: 0}
  m_PrefabInstance: {fileID: 0}
  m_PrefabAsset: {fileID: 0}
  m_GameObject: {fileID: 4376050138005371560}
  m_Enabled: 1
  m_EditorHideFlags: 0
  m_Script: {fileID: 11500000, guid: 04f786195c24490e9822a9f22976b261, type: 3}
  m_Name: 
  m_EditorClassIdentifier: 
  _sample: {fileID: 1931830486808652660, guid: 6cb90d710c5ac804894023eec850743e, type: 3}
  _initialAmount: 10
--- !u!1 &4376050138067888039
GameObject:
  m_ObjectHideFlags: 0
  m_CorrespondingSourceObject: {fileID: 0}
  m_PrefabInstance: {fileID: 0}
  m_PrefabAsset: {fileID: 0}
  serializedVersion: 6
  m_Component:
  - component: {fileID: 4376050138067888038}
  - component: {fileID: 4376050138067888041}
  m_Layer: 0
  m_Name: Saucers
  m_TagString: Untagged
  m_Icon: {fileID: 0}
  m_NavMeshLayer: 0
  m_StaticEditorFlags: 0
  m_IsActive: 1
--- !u!4 &4376050138067888038
Transform:
  m_ObjectHideFlags: 0
  m_CorrespondingSourceObject: {fileID: 0}
  m_PrefabInstance: {fileID: 0}
  m_PrefabAsset: {fileID: 0}
  m_GameObject: {fileID: 4376050138067888039}
  m_LocalRotation: {x: 0, y: 0, z: 0, w: 1}
  m_LocalPosition: {x: 0, y: 0, z: 0}
  m_LocalScale: {x: 1, y: 1, z: 1}
  m_Children: []
  m_Father: {fileID: 4376050137776852644}
  m_RootOrder: 2
  m_LocalEulerAnglesHint: {x: 0, y: 0, z: 0}
--- !u!114 &4376050138067888041
MonoBehaviour:
  m_ObjectHideFlags: 0
  m_CorrespondingSourceObject: {fileID: 0}
  m_PrefabInstance: {fileID: 0}
  m_PrefabAsset: {fileID: 0}
  m_GameObject: {fileID: 4376050138067888039}
  m_Enabled: 1
  m_EditorHideFlags: 0
  m_Script: {fileID: 11500000, guid: 420b3504304b4f0893fcc301f08ccf0d, type: 3}
  m_Name: 
  m_EditorClassIdentifier: 
  _saucerPool: {fileID: 4376050137573237702}
  _screenConfig: {fileID: 11400000, guid: 6fea07170f720864fa941ac607a00580, type: 2}
  _effectPlayer: {fileID: 4376050138155219478}
  _shootAudio: {fileID: 1538296187736866047}
  _laserShotPool: {fileID: 4376050137548004933}
  _scoreCounter: {fileID: 4376050137776852642}
  _aimTarget: {fileID: 0}
  _saucers:
  - {fileID: 11400000, guid: ffcabd801184a9043ada9824de8ccfd1, type: 2}
  - {fileID: 11400000, guid: 9e9e54b63d6efed4ebafbc9e98a58264, type: 2}
--- !u!1 &4376050138155219474
GameObject:
  m_ObjectHideFlags: 0
  m_CorrespondingSourceObject: {fileID: 0}
  m_PrefabInstance: {fileID: 0}
  m_PrefabAsset: {fileID: 0}
  serializedVersion: 6
  m_Component:
  - component: {fileID: 4376050138155219477}
  - component: {fileID: 4376050138155219476}
  - component: {fileID: 4376050138155219478}
  - component: {fileID: 1538296187736866047}
  m_Layer: 0
  m_Name: Effect
  m_TagString: Untagged
  m_Icon: {fileID: 0}
  m_NavMeshLayer: 0
  m_StaticEditorFlags: 0
  m_IsActive: 1
--- !u!4 &4376050138155219477
Transform:
  m_ObjectHideFlags: 0
  m_CorrespondingSourceObject: {fileID: 0}
  m_PrefabInstance: {fileID: 0}
  m_PrefabAsset: {fileID: 0}
  m_GameObject: {fileID: 4376050138155219474}
  m_LocalRotation: {x: 0, y: 0, z: 0, w: 1}
  m_LocalPosition: {x: 0, y: 0, z: 0}
  m_LocalScale: {x: 1, y: 1, z: 1}
  m_Children:
  - {fileID: 4376050138768797700}
  m_Father: {fileID: 4376050137776852644}
  m_RootOrder: 3
  m_LocalEulerAnglesHint: {x: 0, y: 0, z: 0}
--- !u!82 &4376050138155219476
AudioSource:
  m_ObjectHideFlags: 0
  m_CorrespondingSourceObject: {fileID: 0}
  m_PrefabInstance: {fileID: 0}
  m_PrefabAsset: {fileID: 0}
  m_GameObject: {fileID: 4376050138155219474}
  m_Enabled: 1
  serializedVersion: 4
  OutputAudioMixerGroup: {fileID: 0}
  m_audioClip: {fileID: 0}
  m_PlayOnAwake: 1
  m_Volume: 1
  m_Pitch: 1
  Loop: 0
  Mute: 0
  Spatialize: 0
  SpatializePostEffects: 0
  Priority: 128
  DopplerLevel: 1
  MinDistance: 1
  MaxDistance: 500
  Pan2D: 0
  rolloffMode: 0
  BypassEffects: 0
  BypassListenerEffects: 0
  BypassReverbZones: 0
  rolloffCustomCurve:
    serializedVersion: 2
    m_Curve:
    - serializedVersion: 3
      time: 0
      value: 1
      inSlope: 0
      outSlope: 0
      tangentMode: 0
      weightedMode: 0
      inWeight: 0.33333334
      outWeight: 0.33333334
    - serializedVersion: 3
      time: 1
      value: 0
      inSlope: 0
      outSlope: 0
      tangentMode: 0
      weightedMode: 0
      inWeight: 0.33333334
      outWeight: 0.33333334
    m_PreInfinity: 2
    m_PostInfinity: 2
    m_RotationOrder: 4
  panLevelCustomCurve:
    serializedVersion: 2
    m_Curve:
    - serializedVersion: 3
      time: 0
      value: 0
      inSlope: 0
      outSlope: 0
      tangentMode: 0
      weightedMode: 0
      inWeight: 0.33333334
      outWeight: 0.33333334
    m_PreInfinity: 2
    m_PostInfinity: 2
    m_RotationOrder: 4
  spreadCustomCurve:
    serializedVersion: 2
    m_Curve:
    - serializedVersion: 3
      time: 0
      value: 0
      inSlope: 0
      outSlope: 0
      tangentMode: 0
      weightedMode: 0
      inWeight: 0.33333334
      outWeight: 0.33333334
    m_PreInfinity: 2
    m_PostInfinity: 2
    m_RotationOrder: 4
  reverbZoneMixCustomCurve:
    serializedVersion: 2
    m_Curve:
    - serializedVersion: 3
      time: 0
      value: 1
      inSlope: 0
      outSlope: 0
      tangentMode: 0
      weightedMode: 0
      inWeight: 0.33333334
      outWeight: 0.33333334
    m_PreInfinity: 2
    m_PostInfinity: 2
    m_RotationOrder: 4
--- !u!114 &4376050138155219478
MonoBehaviour:
  m_ObjectHideFlags: 0
  m_CorrespondingSourceObject: {fileID: 0}
  m_PrefabInstance: {fileID: 0}
  m_PrefabAsset: {fileID: 0}
  m_GameObject: {fileID: 4376050138155219474}
  m_Enabled: 1
  m_EditorHideFlags: 0
  m_Script: {fileID: 11500000, guid: 777e2bd044ef47c984c4e21b1aef2485, type: 3}
  m_Name: 
  m_EditorClassIdentifier: 
  _destroyEffectPool: {fileID: 4376050137167590696}
  _destroyEffectAudio: {fileID: 1538296187736866047}
--- !u!114 &1538296187736866047
MonoBehaviour:
  m_ObjectHideFlags: 0
  m_CorrespondingSourceObject: {fileID: 0}
  m_PrefabInstance: {fileID: 0}
  m_PrefabAsset: {fileID: 0}
  m_GameObject: {fileID: 4376050138155219474}
  m_Enabled: 1
  m_EditorHideFlags: 0
  m_Script: {fileID: 11500000, guid: 78de91bf62e12b74ca8f7ba02a14b85d, type: 3}
  m_Name: 
  m_EditorClassIdentifier: 
  _source: {fileID: 4376050138155219476}
--- !u!1 &4376050138226203010
GameObject:
  m_ObjectHideFlags: 0
  m_CorrespondingSourceObject: {fileID: 0}
  m_PrefabInstance: {fileID: 0}
  m_PrefabAsset: {fileID: 0}
  serializedVersion: 6
  m_Component:
  - component: {fileID: 4376050138226203012}
  - component: {fileID: 4376050138226203013}
  m_Layer: 0
  m_Name: AsteroidPool
  m_TagString: Untagged
  m_Icon: {fileID: 0}
  m_NavMeshLayer: 0
  m_StaticEditorFlags: 0
  m_IsActive: 1
--- !u!4 &4376050138226203012
Transform:
  m_ObjectHideFlags: 0
  m_CorrespondingSourceObject: {fileID: 0}
  m_PrefabInstance: {fileID: 0}
  m_PrefabAsset: {fileID: 0}
  m_GameObject: {fileID: 4376050138226203010}
  m_LocalRotation: {x: -0, y: -0, z: -0, w: 1}
  m_LocalPosition: {x: 0, y: 0, z: 0}
  m_LocalScale: {x: 1, y: 1, z: 1}
  m_Children: []
  m_Father: {fileID: 4376050138681367891}
  m_RootOrder: 0
  m_LocalEulerAnglesHint: {x: 0, y: 0, z: 0}
--- !u!114 &4376050138226203013
MonoBehaviour:
  m_ObjectHideFlags: 0
  m_CorrespondingSourceObject: {fileID: 0}
  m_PrefabInstance: {fileID: 0}
  m_PrefabAsset: {fileID: 0}
  m_GameObject: {fileID: 4376050138226203010}
  m_Enabled: 1
  m_EditorHideFlags: 0
  m_Script: {fileID: 11500000, guid: 04f786195c24490e9822a9f22976b261, type: 3}
  m_Name: 
  m_EditorClassIdentifier: 
  _sample: {fileID: 5455120393655332342, guid: ffab6cbca5b1a954399da09b89477f85, type: 3}
  _initialAmount: 50
--- !u!1 &4376050138681367888
GameObject:
  m_ObjectHideFlags: 0
  m_CorrespondingSourceObject: {fileID: 0}
  m_PrefabInstance: {fileID: 0}
  m_PrefabAsset: {fileID: 0}
  serializedVersion: 6
  m_Component:
  - component: {fileID: 4376050138681367891}
  m_Layer: 0
  m_Name: Pools
  m_TagString: Untagged
  m_Icon: {fileID: 0}
  m_NavMeshLayer: 0
  m_StaticEditorFlags: 0
  m_IsActive: 1
--- !u!4 &4376050138681367891
Transform:
  m_ObjectHideFlags: 0
  m_CorrespondingSourceObject: {fileID: 0}
  m_PrefabInstance: {fileID: 0}
  m_PrefabAsset: {fileID: 0}
  m_GameObject: {fileID: 4376050138681367888}
  m_LocalRotation: {x: -0, y: -0, z: -0, w: 1}
  m_LocalPosition: {x: 0, y: 0, z: 0}
  m_LocalScale: {x: 1, y: 1, z: 1}
  m_Children:
  - {fileID: 4376050138226203012}
  - {fileID: 4376050138005371562}
  - {fileID: 4376050137167590699}
  - {fileID: 4376050137573237703}
  - {fileID: 4376050137548004930}
  m_Father: {fileID: 4376050137776852644}
  m_RootOrder: 4
  m_LocalEulerAnglesHint: {x: 0, y: 0, z: 0}
--- !u!1001 &492330225385297767
PrefabInstance:
  m_ObjectHideFlags: 0
  serializedVersion: 2
  m_Modification:
    m_TransformParent: {fileID: 4376050138155219477}
    m_Modifications:
    - target: {fileID: 4210797281028056931, guid: a5747902a922d954ba7648937d49c6ab,
        type: 3}
      propertyPath: m_RootOrder
      value: 0
      objectReference: {fileID: 0}
    - target: {fileID: 4210797281028056931, guid: a5747902a922d954ba7648937d49c6ab,
        type: 3}
      propertyPath: m_LocalPosition.x
      value: 0
      objectReference: {fileID: 0}
    - target: {fileID: 4210797281028056931, guid: a5747902a922d954ba7648937d49c6ab,
        type: 3}
      propertyPath: m_LocalPosition.y
      value: 0
      objectReference: {fileID: 0}
    - target: {fileID: 4210797281028056931, guid: a5747902a922d954ba7648937d49c6ab,
        type: 3}
      propertyPath: m_LocalPosition.z
      value: 0
      objectReference: {fileID: 0}
    - target: {fileID: 4210797281028056931, guid: a5747902a922d954ba7648937d49c6ab,
        type: 3}
      propertyPath: m_LocalRotation.w
      value: 1
      objectReference: {fileID: 0}
    - target: {fileID: 4210797281028056931, guid: a5747902a922d954ba7648937d49c6ab,
        type: 3}
      propertyPath: m_LocalRotation.x
      value: -0
      objectReference: {fileID: 0}
    - target: {fileID: 4210797281028056931, guid: a5747902a922d954ba7648937d49c6ab,
        type: 3}
      propertyPath: m_LocalRotation.y
      value: -0
      objectReference: {fileID: 0}
    - target: {fileID: 4210797281028056931, guid: a5747902a922d954ba7648937d49c6ab,
        type: 3}
      propertyPath: m_LocalRotation.z
      value: -0
      objectReference: {fileID: 0}
    - target: {fileID: 4210797281028056931, guid: a5747902a922d954ba7648937d49c6ab,
        type: 3}
      propertyPath: m_LocalEulerAnglesHint.x
      value: 0
      objectReference: {fileID: 0}
    - target: {fileID: 4210797281028056931, guid: a5747902a922d954ba7648937d49c6ab,
        type: 3}
      propertyPath: m_LocalEulerAnglesHint.y
      value: 0
      objectReference: {fileID: 0}
    - target: {fileID: 4210797281028056931, guid: a5747902a922d954ba7648937d49c6ab,
        type: 3}
      propertyPath: m_LocalEulerAnglesHint.z
      value: 0
      objectReference: {fileID: 0}
    - target: {fileID: 4210797281028056932, guid: a5747902a922d954ba7648937d49c6ab,
        type: 3}
      propertyPath: m_Name
      value: SpaceshipDestroyEffect
      objectReference: {fileID: 0}
    - target: {fileID: 4210797281028056932, guid: a5747902a922d954ba7648937d49c6ab,
        type: 3}
      propertyPath: m_IsActive
      value: 0
      objectReference: {fileID: 0}
    m_RemovedComponents: []
  m_SourcePrefab: {fileID: 100100000, guid: a5747902a922d954ba7648937d49c6ab, type: 3}
--- !u!4 &4376050138768797700 stripped
Transform:
  m_CorrespondingSourceObject: {fileID: 4210797281028056931, guid: a5747902a922d954ba7648937d49c6ab,
    type: 3}
  m_PrefabInstance: {fileID: 492330225385297767}
  m_PrefabAsset: {fileID: 0}
--- !u!198 &4376050138768797701 stripped
ParticleSystem:
  m_CorrespondingSourceObject: {fileID: 4210797281028056930, guid: a5747902a922d954ba7648937d49c6ab,
    type: 3}
  m_PrefabInstance: {fileID: 492330225385297767}
  m_PrefabAsset: {fileID: 0}
