%YAML 1.1
%TAG !u! tag:unity3d.com,2011:
--- !u!29 &1
OcclusionCullingSettings:
  m_ObjectHideFlags: 0
  serializedVersion: 2
  m_OcclusionBakeSettings:
    smallestOccluder: 5
    smallestHole: 0.25
    backfaceThreshold: 100
  m_SceneGUID: 00000000000000000000000000000000
  m_OcclusionCullingData: {fileID: 0}
--- !u!104 &2
RenderSettings:
  m_ObjectHideFlags: 0
  serializedVersion: 9
  m_Fog: 0
  m_FogColor: {r: 0.5, g: 0.5, b: 0.5, a: 1}
  m_FogMode: 3
  m_FogDensity: 0.01
  m_LinearFogStart: 0
  m_LinearFogEnd: 300
  m_AmbientSkyColor: {r: 0.212, g: 0.227, b: 0.259, a: 1}
  m_AmbientEquatorColor: {r: 0.114, g: 0.125, b: 0.133, a: 1}
  m_AmbientGroundColor: {r: 0.047, g: 0.043, b: 0.035, a: 1}
  m_AmbientIntensity: 1
  m_AmbientMode: 3
  m_SubtractiveShadowColor: {r: 0.42, g: 0.478, b: 0.627, a: 1}
  m_SkyboxMaterial: {fileID: 0}
  m_HaloStrength: 0.5
  m_FlareStrength: 1
  m_FlareFadeSpeed: 3
  m_HaloTexture: {fileID: 0}
  m_SpotCookie: {fileID: 10001, guid: 0000000000000000e000000000000000, type: 0}
  m_DefaultReflectionMode: 0
  m_DefaultReflectionResolution: 128
  m_ReflectionBounces: 1
  m_ReflectionIntensity: 1
  m_CustomReflection: {fileID: 0}
  m_Sun: {fileID: 0}
  m_IndirectSpecularColor: {r: 0, g: 0, b: 0, a: 1}
  m_UseRadianceAmbientProbe: 0
--- !u!157 &3
LightmapSettings:
  m_ObjectHideFlags: 0
  serializedVersion: 11
  m_GIWorkflowMode: 1
  m_GISettings:
    serializedVersion: 2
    m_BounceScale: 1
    m_IndirectOutputScale: 1
    m_AlbedoBoost: 1
    m_EnvironmentLightingMode: 0
    m_EnableBakedLightmaps: 0
    m_EnableRealtimeLightmaps: 0
  m_LightmapEditorSettings:
    serializedVersion: 12
    m_Resolution: 2
    m_BakeResolution: 40
    m_AtlasSize: 1024
    m_AO: 0
    m_AOMaxDistance: 1
    m_CompAOExponent: 1
    m_CompAOExponentDirect: 0
    m_ExtractAmbientOcclusion: 0
    m_Padding: 2
    m_LightmapParameters: {fileID: 0}
    m_LightmapsBakeMode: 1
    m_TextureCompression: 1
    m_FinalGather: 0
    m_FinalGatherFiltering: 1
    m_FinalGatherRayCount: 256
    m_ReflectionCompression: 2
    m_MixedBakeMode: 2
    m_BakeBackend: 0
    m_PVRSampling: 1
    m_PVRDirectSampleCount: 32
    m_PVRSampleCount: 500
    m_PVRBounces: 2
    m_PVREnvironmentSampleCount: 500
    m_PVREnvironmentReferencePointCount: 2048
    m_PVRFilteringMode: 2
    m_PVRDenoiserTypeDirect: 0
    m_PVRDenoiserTypeIndirect: 0
    m_PVRDenoiserTypeAO: 0
    m_PVRFilterTypeDirect: 0
    m_PVRFilterTypeIndirect: 0
    m_PVRFilterTypeAO: 0
    m_PVREnvironmentMIS: 0
    m_PVRCulling: 1
    m_PVRFilteringGaussRadiusDirect: 1
    m_PVRFilteringGaussRadiusIndirect: 5
    m_PVRFilteringGaussRadiusAO: 2
    m_PVRFilteringAtrousPositionSigmaDirect: 0.5
    m_PVRFilteringAtrousPositionSigmaIndirect: 2
    m_PVRFilteringAtrousPositionSigmaAO: 1
    m_ExportTrainingData: 0
    m_TrainingDataDestination: TrainingData
    m_LightProbeSampleCountMultiplier: 4
  m_LightingDataAsset: {fileID: 0}
  m_UseShadowmask: 1
--- !u!196 &4
NavMeshSettings:
  serializedVersion: 2
  m_ObjectHideFlags: 0
  m_BuildSettings:
    serializedVersion: 2
    agentTypeID: 0
    agentRadius: 0.5
    agentHeight: 2
    agentSlope: 45
    agentClimb: 0.4
    ledgeDropHeight: 0
    maxJumpAcrossDistance: 0
    minRegionArea: 2
    manualCellSize: 0
    cellSize: 0.16666667
    manualTileSize: 0
    tileSize: 256
    accuratePlacement: 0
    debug:
      m_Flags: 0
  m_NavMeshData: {fileID: 0}
--- !u!4 &182966545 stripped
Transform:
  m_CorrespondingSourceObject: {fileID: 229075120514811865, guid: 8054a457438a7ab459e238582bd2b079,
    type: 3}
  m_PrefabInstance: {fileID: 229075120693288648}
  m_PrefabAsset: {fileID: 0}
--- !u!114 &464317871 stripped
MonoBehaviour:
  m_CorrespondingSourceObject: {fileID: 4376050137776852642, guid: da3b0b2be903c9145b849207f52855bb,
    type: 3}
  m_PrefabInstance: {fileID: 4376050138367472929}
  m_PrefabAsset: {fileID: 0}
  m_GameObject: {fileID: 0}
  m_Enabled: 1
  m_EditorHideFlags: 0
  m_Script: {fileID: 11500000, guid: 58213f04982d4b75872081904ed066f7, type: 3}
  m_Name: 
  m_EditorClassIdentifier: 
--- !u!1 &472840144
GameObject:
  m_ObjectHideFlags: 0
  m_CorrespondingSourceObject: {fileID: 0}
  m_PrefabInstance: {fileID: 0}
  m_PrefabAsset: {fileID: 0}
  serializedVersion: 6
  m_Component:
  - component: {fileID: 472840145}
  - component: {fileID: 472840146}
  m_Layer: 5
  m_Name: SpaceshipLives
  m_TagString: Untagged
  m_Icon: {fileID: 0}
  m_NavMeshLayer: 0
  m_StaticEditorFlags: 0
  m_IsActive: 1
--- !u!224 &472840145
RectTransform:
  m_ObjectHideFlags: 0
  m_CorrespondingSourceObject: {fileID: 0}
  m_PrefabInstance: {fileID: 0}
  m_PrefabAsset: {fileID: 0}
  m_GameObject: {fileID: 472840144}
  m_LocalRotation: {x: 0, y: 0, z: 0, w: 1}
  m_LocalPosition: {x: 0, y: 0, z: 0}
  m_LocalScale: {x: 1, y: 1, z: 1}
  m_Children: []
  m_Father: {fileID: 496013027}
  m_RootOrder: 5
  m_LocalEulerAnglesHint: {x: 0, y: 0, z: 0}
  m_AnchorMin: {x: 0, y: 1}
  m_AnchorMax: {x: 0, y: 1}
  m_AnchoredPosition: {x: 155, y: -66.5}
  m_SizeDelta: {x: 0, y: 0}
  m_Pivot: {x: 0, y: 0}
--- !u!114 &472840146
MonoBehaviour:
  m_ObjectHideFlags: 0
  m_CorrespondingSourceObject: {fileID: 0}
  m_PrefabInstance: {fileID: 0}
  m_PrefabAsset: {fileID: 0}
  m_GameObject: {fileID: 472840144}
  m_Enabled: 1
  m_EditorHideFlags: 0
  m_Script: {fileID: 11500000, guid: 7a901ba4af0945bab7cd3a645617a12f, type: 3}
  m_Name: 
  m_EditorClassIdentifier: 
  _livesContainer: {fileID: 472840145}
  _lifePrefab: {fileID: 8249557741312167827, guid: 5ef9f81d8230a0a45bec110b1eb91418,
    type: 3}
  _controller: {fileID: 4376050138367472931}
--- !u!224 &496013027 stripped
RectTransform:
  m_CorrespondingSourceObject: {fileID: 1079128642661253320, guid: aac8724c4f7e3a84992beb03dc4c467b,
    type: 3}
  m_PrefabInstance: {fileID: 767893181}
  m_PrefabAsset: {fileID: 0}
--- !u!1 &628283053 stripped
GameObject:
  m_CorrespondingSourceObject: {fileID: 1079128640726917777, guid: aac8724c4f7e3a84992beb03dc4c467b,
    type: 3}
  m_PrefabInstance: {fileID: 767893181}
  m_PrefabAsset: {fileID: 0}
--- !u!114 &628283054
MonoBehaviour:
  m_ObjectHideFlags: 0
  m_CorrespondingSourceObject: {fileID: 0}
  m_PrefabInstance: {fileID: 0}
  m_PrefabAsset: {fileID: 0}
  m_GameObject: {fileID: 628283053}
  m_Enabled: 1
  m_EditorHideFlags: 0
  m_Script: {fileID: 11500000, guid: 204cb2834378438dbf942f77f9eab604, type: 3}
  m_Name: 
  m_EditorClassIdentifier: 
  _bestScoreText: {fileID: 628283055}
--- !u!114 &628283055 stripped
MonoBehaviour:
  m_CorrespondingSourceObject: {fileID: 1079128640726917775, guid: aac8724c4f7e3a84992beb03dc4c467b,
    type: 3}
  m_PrefabInstance: {fileID: 767893181}
  m_PrefabAsset: {fileID: 0}
  m_GameObject: {fileID: 628283053}
  m_Enabled: 1
  m_EditorHideFlags: 0
  m_Script: {fileID: 11500000, guid: 5f7201a12d95ffc409449d95f23cf332, type: 3}
  m_Name: 
  m_EditorClassIdentifier: 
--- !u!1001 &767893181
PrefabInstance:
  m_ObjectHideFlags: 0
  serializedVersion: 2
  m_Modification:
    m_TransformParent: {fileID: 0}
    m_Modifications:
    - target: {fileID: 1079128641373058170, guid: aac8724c4f7e3a84992beb03dc4c467b,
        type: 3}
      propertyPath: m_IsActive
      value: 0
      objectReference: {fileID: 0}
    - target: {fileID: 1079128642661253320, guid: aac8724c4f7e3a84992beb03dc4c467b,
        type: 3}
      propertyPath: m_Pivot.x
      value: 0
      objectReference: {fileID: 0}
    - target: {fileID: 1079128642661253320, guid: aac8724c4f7e3a84992beb03dc4c467b,
        type: 3}
      propertyPath: m_Pivot.y
      value: 0
      objectReference: {fileID: 0}
    - target: {fileID: 1079128642661253320, guid: aac8724c4f7e3a84992beb03dc4c467b,
        type: 3}
      propertyPath: m_RootOrder
      value: 3
      objectReference: {fileID: 0}
    - target: {fileID: 1079128642661253320, guid: aac8724c4f7e3a84992beb03dc4c467b,
        type: 3}
      propertyPath: m_AnchorMax.x
      value: 0
      objectReference: {fileID: 0}
    - target: {fileID: 1079128642661253320, guid: aac8724c4f7e3a84992beb03dc4c467b,
        type: 3}
      propertyPath: m_AnchorMax.y
      value: 0
      objectReference: {fileID: 0}
    - target: {fileID: 1079128642661253320, guid: aac8724c4f7e3a84992beb03dc4c467b,
        type: 3}
      propertyPath: m_AnchorMin.x
      value: 0
      objectReference: {fileID: 0}
    - target: {fileID: 1079128642661253320, guid: aac8724c4f7e3a84992beb03dc4c467b,
        type: 3}
      propertyPath: m_AnchorMin.y
      value: 0
      objectReference: {fileID: 0}
    - target: {fileID: 1079128642661253320, guid: aac8724c4f7e3a84992beb03dc4c467b,
        type: 3}
      propertyPath: m_SizeDelta.x
      value: 0
      objectReference: {fileID: 0}
    - target: {fileID: 1079128642661253320, guid: aac8724c4f7e3a84992beb03dc4c467b,
        type: 3}
      propertyPath: m_SizeDelta.y
      value: 0
      objectReference: {fileID: 0}
    - target: {fileID: 1079128642661253320, guid: aac8724c4f7e3a84992beb03dc4c467b,
        type: 3}
      propertyPath: m_LocalPosition.x
      value: 0
      objectReference: {fileID: 0}
    - target: {fileID: 1079128642661253320, guid: aac8724c4f7e3a84992beb03dc4c467b,
        type: 3}
      propertyPath: m_LocalPosition.y
      value: 0
      objectReference: {fileID: 0}
    - target: {fileID: 1079128642661253320, guid: aac8724c4f7e3a84992beb03dc4c467b,
        type: 3}
      propertyPath: m_LocalPosition.z
      value: 0
      objectReference: {fileID: 0}
    - target: {fileID: 1079128642661253320, guid: aac8724c4f7e3a84992beb03dc4c467b,
        type: 3}
      propertyPath: m_LocalRotation.w
      value: 1
      objectReference: {fileID: 0}
    - target: {fileID: 1079128642661253320, guid: aac8724c4f7e3a84992beb03dc4c467b,
        type: 3}
      propertyPath: m_LocalRotation.x
      value: 0
      objectReference: {fileID: 0}
    - target: {fileID: 1079128642661253320, guid: aac8724c4f7e3a84992beb03dc4c467b,
        type: 3}
      propertyPath: m_LocalRotation.y
      value: 0
      objectReference: {fileID: 0}
    - target: {fileID: 1079128642661253320, guid: aac8724c4f7e3a84992beb03dc4c467b,
        type: 3}
      propertyPath: m_LocalRotation.z
      value: 0
      objectReference: {fileID: 0}
    - target: {fileID: 1079128642661253320, guid: aac8724c4f7e3a84992beb03dc4c467b,
        type: 3}
      propertyPath: m_AnchoredPosition.x
      value: 0
      objectReference: {fileID: 0}
    - target: {fileID: 1079128642661253320, guid: aac8724c4f7e3a84992beb03dc4c467b,
        type: 3}
      propertyPath: m_AnchoredPosition.y
      value: 0
      objectReference: {fileID: 0}
    - target: {fileID: 1079128642661253320, guid: aac8724c4f7e3a84992beb03dc4c467b,
        type: 3}
      propertyPath: m_LocalEulerAnglesHint.x
      value: 0
      objectReference: {fileID: 0}
    - target: {fileID: 1079128642661253320, guid: aac8724c4f7e3a84992beb03dc4c467b,
        type: 3}
      propertyPath: m_LocalEulerAnglesHint.y
      value: 0
      objectReference: {fileID: 0}
    - target: {fileID: 1079128642661253320, guid: aac8724c4f7e3a84992beb03dc4c467b,
        type: 3}
      propertyPath: m_LocalEulerAnglesHint.z
      value: 0
      objectReference: {fileID: 0}
    - target: {fileID: 1079128642661253324, guid: aac8724c4f7e3a84992beb03dc4c467b,
        type: 3}
      propertyPath: m_Name
      value: UIMain
      objectReference: {fileID: 0}
    m_RemovedComponents: []
  m_SourcePrefab: {fileID: 100100000, guid: aac8724c4f7e3a84992beb03dc4c467b, type: 3}
--- !u!114 &767893183 stripped
MonoBehaviour:
  m_CorrespondingSourceObject: {fileID: 1079128640984740044, guid: aac8724c4f7e3a84992beb03dc4c467b,
    type: 3}
  m_PrefabInstance: {fileID: 767893181}
  m_PrefabAsset: {fileID: 0}
  m_GameObject: {fileID: 1445339827}
  m_Enabled: 1
  m_EditorHideFlags: 0
  m_Script: {fileID: 11500000, guid: 5f7201a12d95ffc409449d95f23cf332, type: 3}
  m_Name: 
  m_EditorClassIdentifier: 
--- !u!1 &1445339827 stripped
GameObject:
  m_CorrespondingSourceObject: {fileID: 1079128640984740046, guid: aac8724c4f7e3a84992beb03dc4c467b,
    type: 3}
  m_PrefabInstance: {fileID: 767893181}
  m_PrefabAsset: {fileID: 0}
--- !u!114 &1445339828
MonoBehaviour:
  m_ObjectHideFlags: 0
  m_CorrespondingSourceObject: {fileID: 0}
  m_PrefabInstance: {fileID: 0}
  m_PrefabAsset: {fileID: 0}
  m_GameObject: {fileID: 1445339827}
  m_Enabled: 1
  m_EditorHideFlags: 0
  m_Script: {fileID: 11500000, guid: 4a352616374247df9cc61fe0d5c1b87a, type: 3}
  m_Name: 
  m_EditorClassIdentifier: 
  _playerScore: {fileID: 767893183}
  _scoreCounter: {fileID: 464317871}
--- !u!1 &2017243983
GameObject:
  m_ObjectHideFlags: 0
  m_CorrespondingSourceObject: {fileID: 0}
  m_PrefabInstance: {fileID: 0}
  m_PrefabAsset: {fileID: 0}
  serializedVersion: 6
  m_Component:
  - component: {fileID: 2017243984}
  - component: {fileID: 2017243986}
  - component: {fileID: 2017243985}
  - component: {fileID: 2017243987}
  m_Layer: 5
  m_Name: CenterLabel
  m_TagString: Untagged
  m_Icon: {fileID: 0}
  m_NavMeshLayer: 0
  m_StaticEditorFlags: 0
  m_IsActive: 1
--- !u!224 &2017243984
RectTransform:
  m_ObjectHideFlags: 0
  m_CorrespondingSourceObject: {fileID: 0}
  m_PrefabInstance: {fileID: 0}
  m_PrefabAsset: {fileID: 0}
  m_GameObject: {fileID: 2017243983}
  m_LocalRotation: {x: 0, y: 0, z: 0, w: 1}
  m_LocalPosition: {x: 0, y: 0, z: 0}
  m_LocalScale: {x: 1, y: 1, z: 1}
  m_Children: []
  m_Father: {fileID: 496013027}
  m_RootOrder: 4
  m_LocalEulerAnglesHint: {x: 0, y: 0, z: 0}
  m_AnchorMin: {x: 0.5, y: 0.5}
  m_AnchorMax: {x: 0.5, y: 0.5}
  m_AnchoredPosition: {x: 0, y: 165}
  m_SizeDelta: {x: 211.47, y: 100}
  m_Pivot: {x: 0.5, y: 0.5}
--- !u!114 &2017243985
MonoBehaviour:
  m_ObjectHideFlags: 0
  m_CorrespondingSourceObject: {fileID: 0}
  m_PrefabInstance: {fileID: 0}
  m_PrefabAsset: {fileID: 0}
  m_GameObject: {fileID: 2017243983}
  m_Enabled: 1
  m_EditorHideFlags: 0
  m_Script: {fileID: 11500000, guid: 5f7201a12d95ffc409449d95f23cf332, type: 3}
  m_Name: 
  m_EditorClassIdentifier: 
  m_Material: {fileID: 0}
  m_Color: {r: 1, g: 1, b: 1, a: 1}
  m_RaycastTarget: 1
  m_Maskable: 1
  m_OnCullStateChanged:
    m_PersistentCalls:
      m_Calls: []
  m_FontData:
    m_Font: {fileID: 10102, guid: 0000000000000000e000000000000000, type: 0}
    m_FontSize: 32
    m_FontStyle: 0
    m_BestFit: 0
    m_MinSize: 0
    m_MaxSize: 40
    m_Alignment: 4
    m_AlignByGeometry: 0
    m_RichText: 1
    m_HorizontalOverflow: 0
    m_VerticalOverflow: 0
    m_LineSpacing: 1
  m_Text: PLAYER 1
--- !u!222 &2017243986
CanvasRenderer:
  m_ObjectHideFlags: 0
  m_CorrespondingSourceObject: {fileID: 0}
  m_PrefabInstance: {fileID: 0}
  m_PrefabAsset: {fileID: 0}
  m_GameObject: {fileID: 2017243983}
  m_CullTransparentMesh: 0
--- !u!114 &2017243987
MonoBehaviour:
  m_ObjectHideFlags: 0
  m_CorrespondingSourceObject: {fileID: 0}
  m_PrefabInstance: {fileID: 0}
  m_PrefabAsset: {fileID: 0}
  m_GameObject: {fileID: 2017243983}
  m_Enabled: 1
  m_EditorHideFlags: 0
  m_Script: {fileID: 11500000, guid: 279a67f359904c3994c95d176d2831bf, type: 3}
  m_Name: 
  m_EditorClassIdentifier: 
  _controller: {fileID: 4376050138367472932}
  _centerLabel: {fileID: 2017243985}
  _onGameLoadingText: PLAYER 1
  _onGameOverText: GAME OVER
--- !u!1001 &229075120693288648
PrefabInstance:
  m_ObjectHideFlags: 0
  serializedVersion: 2
  m_Modification:
    m_TransformParent: {fileID: 0}
    m_Modifications:
    - target: {fileID: 229075120514811844, guid: 8054a457438a7ab459e238582bd2b079,
        type: 3}
      propertyPath: m_Name
      value: Spaceship
      objectReference: {fileID: 0}
    - target: {fileID: 229075120514811844, guid: 8054a457438a7ab459e238582bd2b079,
        type: 3}
      propertyPath: m_IsActive
      value: 0
      objectReference: {fileID: 0}
    - target: {fileID: 229075120514811865, guid: 8054a457438a7ab459e238582bd2b079,
        type: 3}
      propertyPath: m_RootOrder
      value: 2
      objectReference: {fileID: 0}
    - target: {fileID: 229075120514811865, guid: 8054a457438a7ab459e238582bd2b079,
        type: 3}
      propertyPath: m_LocalPosition.x
      value: 0
      objectReference: {fileID: 0}
    - target: {fileID: 229075120514811865, guid: 8054a457438a7ab459e238582bd2b079,
        type: 3}
      propertyPath: m_LocalPosition.y
      value: 0
      objectReference: {fileID: 0}
    - target: {fileID: 229075120514811865, guid: 8054a457438a7ab459e238582bd2b079,
        type: 3}
      propertyPath: m_LocalPosition.z
      value: 0
      objectReference: {fileID: 0}
    - target: {fileID: 229075120514811865, guid: 8054a457438a7ab459e238582bd2b079,
        type: 3}
      propertyPath: m_LocalRotation.w
      value: 1
      objectReference: {fileID: 0}
    - target: {fileID: 229075120514811865, guid: 8054a457438a7ab459e238582bd2b079,
        type: 3}
      propertyPath: m_LocalRotation.x
      value: 0
      objectReference: {fileID: 0}
    - target: {fileID: 229075120514811865, guid: 8054a457438a7ab459e238582bd2b079,
        type: 3}
      propertyPath: m_LocalRotation.y
      value: 0
      objectReference: {fileID: 0}
    - target: {fileID: 229075120514811865, guid: 8054a457438a7ab459e238582bd2b079,
        type: 3}
      propertyPath: m_LocalRotation.z
      value: 0
      objectReference: {fileID: 0}
    - target: {fileID: 229075120514811865, guid: 8054a457438a7ab459e238582bd2b079,
        type: 3}
      propertyPath: m_LocalEulerAnglesHint.x
      value: 0
      objectReference: {fileID: 0}
    - target: {fileID: 229075120514811865, guid: 8054a457438a7ab459e238582bd2b079,
        type: 3}
      propertyPath: m_LocalEulerAnglesHint.y
      value: 0
      objectReference: {fileID: 0}
    - target: {fileID: 229075120514811865, guid: 8054a457438a7ab459e238582bd2b079,
        type: 3}
      propertyPath: m_LocalEulerAnglesHint.z
      value: 0
      objectReference: {fileID: 0}
    m_RemovedComponents: []
  m_SourcePrefab: {fileID: 100100000, guid: 8054a457438a7ab459e238582bd2b079, type: 3}
--- !u!114 &229075120693288649 stripped
MonoBehaviour:
  m_CorrespondingSourceObject: {fileID: 229075119581854699, guid: 8054a457438a7ab459e238582bd2b079,
    type: 3}
  m_PrefabInstance: {fileID: 229075120693288648}
  m_PrefabAsset: {fileID: 0}
  m_GameObject: {fileID: 0}
  m_Enabled: 1
  m_EditorHideFlags: 0
  m_Script: {fileID: 11500000, guid: 5e14826664e34b58a163b19f09b7142d, type: 3}
  m_Name: 
  m_EditorClassIdentifier: 
--- !u!1 &229075120693288650 stripped
GameObject:
  m_CorrespondingSourceObject: {fileID: 1009241363249205609, guid: 8054a457438a7ab459e238582bd2b079,
    type: 3}
  m_PrefabInstance: {fileID: 229075120693288648}
  m_PrefabAsset: {fileID: 0}
--- !u!114 &229075120693288651 stripped
MonoBehaviour:
  m_CorrespondingSourceObject: {fileID: 229075120514811845, guid: 8054a457438a7ab459e238582bd2b079,
    type: 3}
  m_PrefabInstance: {fileID: 229075120693288648}
  m_PrefabAsset: {fileID: 0}
  m_GameObject: {fileID: 229075120693288653}
  m_Enabled: 1
  m_EditorHideFlags: 0
  m_Script: {fileID: 11500000, guid: 69dd72ceea2c2454ba84d074ebb54a84, type: 3}
  m_Name: 
  m_EditorClassIdentifier: 
--- !u!114 &229075120693288652 stripped
MonoBehaviour:
  m_CorrespondingSourceObject: {fileID: 229075120514811867, guid: 8054a457438a7ab459e238582bd2b079,
    type: 3}
  m_PrefabInstance: {fileID: 229075120693288648}
  m_PrefabAsset: {fileID: 0}
  m_GameObject: {fileID: 229075120693288653}
  m_Enabled: 1
  m_EditorHideFlags: 0
  m_Script: {fileID: 11500000, guid: 22d42dc0494f448395598a46d0a711ee, type: 3}
  m_Name: 
  m_EditorClassIdentifier: 
--- !u!1 &229075120693288653 stripped
GameObject:
  m_CorrespondingSourceObject: {fileID: 229075120514811844, guid: 8054a457438a7ab459e238582bd2b079,
    type: 3}
  m_PrefabInstance: {fileID: 229075120693288648}
  m_PrefabAsset: {fileID: 0}
--- !u!1001 &4376050138367472929
PrefabInstance:
  m_ObjectHideFlags: 0
  serializedVersion: 2
  m_Modification:
    m_TransformParent: {fileID: 0}
    m_Modifications:
    - target: {fileID: 4376050137685709177, guid: da3b0b2be903c9145b849207f52855bb,
        type: 3}
      propertyPath: _health
      value: 
      objectReference: {fileID: 229075120693288652}
    - target: {fileID: 4376050137685709177, guid: da3b0b2be903c9145b849207f52855bb,
        type: 3}
      propertyPath: _motion
      value: 
      objectReference: {fileID: 229075120693288651}
    - target: {fileID: 4376050137685709177, guid: da3b0b2be903c9145b849207f52855bb,
        type: 3}
      propertyPath: _thrust
      value: 
      objectReference: {fileID: 229075120693288650}
    - target: {fileID: 4376050137685709177, guid: da3b0b2be903c9145b849207f52855bb,
        type: 3}
      propertyPath: _laserGun
      value: 
      objectReference: {fileID: 229075120693288649}
    - target: {fileID: 4376050137685709177, guid: da3b0b2be903c9145b849207f52855bb,
        type: 3}
      propertyPath: _spaceship
      value: 
      objectReference: {fileID: 229075120693288653}
    - target: {fileID: 4376050137776852643, guid: da3b0b2be903c9145b849207f52855bb,
        type: 3}
      propertyPath: m_Name
      value: Setup
      objectReference: {fileID: 0}
    - target: {fileID: 4376050137776852644, guid: da3b0b2be903c9145b849207f52855bb,
        type: 3}
      propertyPath: m_RootOrder
      value: 0
      objectReference: {fileID: 0}
    - target: {fileID: 4376050137776852644, guid: da3b0b2be903c9145b849207f52855bb,
        type: 3}
      propertyPath: m_LocalPosition.x
      value: 0
      objectReference: {fileID: 0}
    - target: {fileID: 4376050137776852644, guid: da3b0b2be903c9145b849207f52855bb,
        type: 3}
      propertyPath: m_LocalPosition.y
      value: 0
      objectReference: {fileID: 0}
    - target: {fileID: 4376050137776852644, guid: da3b0b2be903c9145b849207f52855bb,
        type: 3}
      propertyPath: m_LocalPosition.z
      value: 0
      objectReference: {fileID: 0}
    - target: {fileID: 4376050137776852644, guid: da3b0b2be903c9145b849207f52855bb,
        type: 3}
      propertyPath: m_LocalRotation.w
      value: 1
      objectReference: {fileID: 0}
    - target: {fileID: 4376050137776852644, guid: da3b0b2be903c9145b849207f52855bb,
        type: 3}
      propertyPath: m_LocalRotation.x
      value: 0
      objectReference: {fileID: 0}
    - target: {fileID: 4376050137776852644, guid: da3b0b2be903c9145b849207f52855bb,
        type: 3}
      propertyPath: m_LocalRotation.y
      value: 0
      objectReference: {fileID: 0}
    - target: {fileID: 4376050137776852644, guid: da3b0b2be903c9145b849207f52855bb,
        type: 3}
      propertyPath: m_LocalRotation.z
      value: 0
      objectReference: {fileID: 0}
    - target: {fileID: 4376050137776852644, guid: da3b0b2be903c9145b849207f52855bb,
        type: 3}
      propertyPath: m_LocalEulerAnglesHint.x
      value: 0
      objectReference: {fileID: 0}
    - target: {fileID: 4376050137776852644, guid: da3b0b2be903c9145b849207f52855bb,
        type: 3}
      propertyPath: m_LocalEulerAnglesHint.y
      value: 0
      objectReference: {fileID: 0}
    - target: {fileID: 4376050137776852644, guid: da3b0b2be903c9145b849207f52855bb,
        type: 3}
      propertyPath: m_LocalEulerAnglesHint.z
      value: 0
      objectReference: {fileID: 0}
    - target: {fileID: 4376050138067888041, guid: da3b0b2be903c9145b849207f52855bb,
        type: 3}
      propertyPath: _aimTarget
      value: 
      objectReference: {fileID: 182966545}
    - target: {fileID: 7152114160649048656, guid: da3b0b2be903c9145b849207f52855bb,
        type: 3}
      propertyPath: _scoreCounter
      value: 
      objectReference: {fileID: 464317871}
    - target: {fileID: 7152114160649048656, guid: da3b0b2be903c9145b849207f52855bb,
        type: 3}
      propertyPath: _gameOverPause
      value: 3
      objectReference: {fileID: 0}
    - target: {fileID: 7152114160649048656, guid: da3b0b2be903c9145b849207f52855bb,
        type: 3}
      propertyPath: _beforeStartPause
      value: 2
      objectReference: {fileID: 0}
    m_RemovedComponents: []
  m_SourcePrefab: {fileID: 100100000, guid: da3b0b2be903c9145b849207f52855bb, type: 3}
--- !u!114 &4376050138367472931 stripped
MonoBehaviour:
  m_CorrespondingSourceObject: {fileID: 4376050137776852645, guid: da3b0b2be903c9145b849207f52855bb,
    type: 3}
  m_PrefabInstance: {fileID: 4376050138367472929}
  m_PrefabAsset: {fileID: 0}
  m_GameObject: {fileID: 0}
  m_Enabled: 1
  m_EditorHideFlags: 0
  m_Script: {fileID: 11500000, guid: d079a4406f31492794ee123d1caf979e, type: 3}
  m_Name: 
  m_EditorClassIdentifier: 
--- !u!114 &4376050138367472932 stripped
MonoBehaviour:
  m_CorrespondingSourceObject: {fileID: 7152114160649048656, guid: da3b0b2be903c9145b849207f52855bb,
    type: 3}
  m_PrefabInstance: {fileID: 4376050138367472929}
  m_PrefabAsset: {fileID: 0}
  m_GameObject: {fileID: 0}
  m_Enabled: 1
  m_EditorHideFlags: 0
  m_Script: {fileID: 11500000, guid: e4e3c2f3026a4d609e24665574eed563, type: 3}
  m_Name: 
  m_EditorClassIdentifier: 
--- !u!1001 &6259594306726637335
PrefabInstance:
  m_ObjectHideFlags: 0
  serializedVersion: 2
  m_Modification:
    m_TransformParent: {fileID: 0}
    m_Modifications:
    - target: {fileID: 6259594306626656107, guid: 7efa6af29470b834db74aeaeb264c993,
        type: 3}
      propertyPath: m_Name
      value: Main Camera
      objectReference: {fileID: 0}
    - target: {fileID: 6259594306626656151, guid: 7efa6af29470b834db74aeaeb264c993,
        type: 3}
      propertyPath: m_RootOrder
      value: 1
      objectReference: {fileID: 0}
    - target: {fileID: 6259594306626656151, guid: 7efa6af29470b834db74aeaeb264c993,
        type: 3}
      propertyPath: m_LocalPosition.x
      value: 0
      objectReference: {fileID: 0}
    - target: {fileID: 6259594306626656151, guid: 7efa6af29470b834db74aeaeb264c993,
        type: 3}
      propertyPath: m_LocalPosition.y
      value: 0
      objectReference: {fileID: 0}
    - target: {fileID: 6259594306626656151, guid: 7efa6af29470b834db74aeaeb264c993,
        type: 3}
      propertyPath: m_LocalPosition.z
      value: -10
      objectReference: {fileID: 0}
    - target: {fileID: 6259594306626656151, guid: 7efa6af29470b834db74aeaeb264c993,
        type: 3}
      propertyPath: m_LocalRotation.w
      value: 1
      objectReference: {fileID: 0}
    - target: {fileID: 6259594306626656151, guid: 7efa6af29470b834db74aeaeb264c993,
        type: 3}
      propertyPath: m_LocalRotation.x
      value: -0
      objectReference: {fileID: 0}
    - target: {fileID: 6259594306626656151, guid: 7efa6af29470b834db74aeaeb264c993,
        type: 3}
      propertyPath: m_LocalRotation.y
      value: -0
      objectReference: {fileID: 0}
    - target: {fileID: 6259594306626656151, guid: 7efa6af29470b834db74aeaeb264c993,
        type: 3}
      propertyPath: m_LocalRotation.z
      value: -0.000000044703487
      objectReference: {fileID: 0}
    - target: {fileID: 6259594306626656151, guid: 7efa6af29470b834db74aeaeb264c993,
        type: 3}
      propertyPath: m_LocalEulerAnglesHint.x
      value: 0
      objectReference: {fileID: 0}
    - target: {fileID: 6259594306626656151, guid: 7efa6af29470b834db74aeaeb264c993,
        type: 3}
      propertyPath: m_LocalEulerAnglesHint.y
      value: 0
      objectReference: {fileID: 0}
    - target: {fileID: 6259594306626656151, guid: 7efa6af29470b834db74aeaeb264c993,
        type: 3}
      propertyPath: m_LocalEulerAnglesHint.z
      value: 0
      objectReference: {fileID: 0}
    m_RemovedComponents: []
  m_SourcePrefab: {fileID: 100100000, guid: 7efa6af29470b834db74aeaeb264c993, type: 3}
